@techreport{ahn2012determining,
  title={Determining rank of the beta matrix of a linear asset pricing model},
  author={Ahn, Seung C and Horenstein, Alex R and Wang, Na},
  year={2012},
  institution={Working Paper, Arizona State University and Sogang University}
}

@article{baehrens2010explain,
  title={How to explain individual classification decisions},
  author={Baehrens, David and Schroeter, Timon and Harmeling, Stefan and Kawanabe, Motoaki and Hansen, Katja and M{\"u}ller, Klaus-Robert},
  journal={The Journal of Machine Learning Research},
  volume={11},
  pages={1803--1831},
  year={2010},
  publisher={JMLR. org}
}

@inproceedings{binder2016layer,
  title={Layer-wise relevance propagation for neural networks with local renormalization layers},
  author={Binder, Alexander and Montavon, Gr{\'e}goire and Lapuschkin, Sebastian and M{\"u}ller, Klaus-Robert and Samek, Wojciech},
  booktitle={International Conference on Artificial Neural Networks},
  pages={63--71},
  year={2016},
  organization={Springer}
}

@article{bryzgalova2019forest,
  title={Forest through the trees: Building cross-sections of stock returns},
  author={Bryzgalova, Svetlana and Pelger, Markus and Zhu, Jason},
  journal={Available at SSRN 3493458},
  year={2019}
}

@article{cochrane1996cross,
  title={A cross-sectional test of an investment-based asset pricing model},
  author={Cochrane, John H},
  journal={Journal of Political Economy},
  volume={104},
  number={3},
  pages={572--621},
  year={1996},
  publisher={The University of Chicago Press}
}

@book{cochrane2009asset,
  title={Asset pricing: Revised edition},
  author={Cochrane, John H},
  year={2009},
  publisher={Princeton university press}
}

@article{cochrane2011presidential,
  title={Presidential address: Discount rates},
  author={Cochrane, John H},
  journal={The Journal of finance},
  volume={66},
  number={4},
  pages={1047--1108},
  year={2011},
  publisher={Wiley Online Library}
}

@book{de2018advances,
  title={Advances in financial machine learning},
  author={De Prado, Marcos Lopez},
  year={2018},
  publisher={John Wiley \& Sons}
}

@article{di2016artificial,
  title={Artificial neural networks architectures for stock price prediction: Comparisons and applications},
  author={Di Persio, Luca and Honchar, Oleksandr},
  journal={International journal of circuits, systems and signal processing},
  volume={10},
  number={2016},
  pages={403--413},
  year={2016}
}

@article{dimopoulos1995use,
  title={Use of some sensitivity criteria for choosing networks with good generalization ability},
  author={Dimopoulos, Yannis and Bourret, Paul and Lek, Sovan},
  journal={Neural Processing Letters},
  volume={2},
  number={6},
  pages={1--4},
  year={1995},
  publisher={Springer}
}

@article{fama1993common,
  title={Common risk factors in the returns on stocks and bonds},
  author={Fama, Eugene F and French, Kenneth R},
  journal={Journal of},
  year={1993}
}

@article{fama1995size,
  title={Size and book-to-market factors in earnings and returns},
  author={Fama, Eugene F and French, Kenneth R},
  journal={The journal of finance},
  volume={50},
  number={1},
  pages={131--155},
  year={1995},
  publisher={Wiley Online Library}
}

@article{fama1996multifactor,
  title={Multifactor explanations of asset pricing anomalies},
  author={Fama, Eugene F and French, Kenneth R},
  journal={The journal of finance},
  volume={51},
  number={1},
  pages={55--84},
  year={1996},
  publisher={Wiley Online Library}
}

@article{fama2015five,
  title={A five-factor asset pricing model},
  author={Fama, Eugene F and French, Kenneth R},
  journal={Journal of financial economics},
  volume={116},
  number={1},
  pages={1--22},
  year={2015},
  publisher={Elsevier}
}

@article{fisher2019all,
  title={All Models are Wrong, but Many are Useful: Learning a Variable's Importance by Studying an Entire Class of Prediction Models Simultaneously.},
  author={Fisher, Aaron and Rudin, Cynthia and Dominici, Francesca},
  journal={Journal of Machine Learning Research},
  volume={20},
  number={177},
  pages={1--81},
  year={2019}
}

@article{gevrey2003review,
  title={Review and comparison of methods to study the contribution of variables in artificial neural network models},
  author={Gevrey, Muriel and Dimopoulos, Ioannis and Lek, Sovan},
  journal={Ecological modelling},
  volume={160},
  number={3},
  pages={249--264},
  year={2003},
  publisher={Elsevier}
}

@inproceedings{ghorbani2019interpretation,
  title={Interpretation of neural networks is fragile},
  author={Ghorbani, Amirata and Abid, Abubakar and Zou, James},
  booktitle={Proceedings of the AAAI Conference on Artificial Intelligence},
  volume={33},
  pages={3681--3688},
  year={2019}
}

@inproceedings{giles1997rule,
  title={Rule inference for financial prediction using recurrent neural networks},
  author={Giles, C Lee and Lawrence, Steve and Tsoi, Ah Chung},
  booktitle={Proceedings of the IEEE/IAFE 1997 Computational Intelligence for Financial Engineering (CIFEr)},
  pages={253--259},
  year={1997},
  organization={IEEE}
}

@book{goodfellow2016deep,
  title={Deep learning},
  author={Goodfellow, Ian and Bengio, Yoshua and Courville, Aaron and Bengio, Yoshua},
  volume={1},
  year={2016},
  publisher={MIT press Cambridge}
}

@article{gu2020empirical,
  title={Empirical asset pricing via machine learning},
  author={Gu, Shihao and Kelly, Bryan and Xiu, Dacheng},
  journal={The Review of Financial Studies},
  volume={33},
  number={5},
  pages={2223--2273},
  year={2020},
  publisher={Oxford University Press}
}

@book{mitchell1997machine,
  title = {Machine Learning},
  author = {Mitchell, Tom},
  year = {1997}, 
  publisher = {McGraw Hill},
}


@article{harvey2016and,
  title={â€¦ and the cross-section of expected returns},
  author={Harvey, Campbell R and Liu, Yan and Zhu, Heqing},
  journal={The Review of Financial Studies},
  volume={29},
  number={1},
  pages={5--68},
  year={2016},
  publisher={Oxford University Press}
}

@article{harvey2019lucky,
  title={Lucky factors},
  author={Harvey, Campbell R and Liu, Yan},
  journal={Available at SSRN 2528780},
  year={2019}
}

@article{heaton2000portfolio,
  title={Portfolio choice and asset prices: The importance of entrepreneurial risk},
  author={Heaton, John and Lucas, Deborah},
  journal={The journal of finance},
  volume={55},
  number={3},
  pages={1163--1198},
  year={2000},
  publisher={Wiley Online Library}
}

@article{ioffe2015batch,
  title={Batch normalization: Accelerating deep network training by reducing internal covariate shift},
  author={Ioffe, Sergey and Szegedy, Christian},
  journal={arXiv preprint arXiv:1502.03167},
  year={2015}
}

@article{karpathy2015visualizing,
  title={Visualizing and understanding recurrent networks},
  author={Karpathy, Andrej and Johnson, Justin and Fei-Fei, Li},
  journal={arXiv preprint arXiv:1506.02078},
  year={2015}
}

@article{kelly2013market,
  title={Market expectations in the cross-section of present values},
  author={Kelly, Bryan and Pruitt, Seth},
  journal={The Journal of Finance},
  volume={68},
  number={5},
  pages={1721--1756},
  year={2013},
  publisher={Wiley Online Library}
}

@article{kelly2019characteristics,
  title={Characteristics are covariances: A unified model of risk and return},
  author={Kelly, Bryan T and Pruitt, Seth and Su, Yinan},
  journal={Journal of Financial Economics},
  volume={134},
  number={3},
  pages={501--524},
  year={2019},
  publisher={Elsevier}
}


@article{liew2000can,
  title={Can book-to-market, size and momentum be risk factors that predict economic growth?},
  author={Liew, Jimmy and Vassalou, Maria},
  journal={Journal of Financial Economics},
  volume={57},
  number={2},
  pages={221--245},
  year={2000},
  publisher={Elsevier}
}


@article{mclean2016does,
  title={Does academic research destroy stock return predictability?},
  author={McLean, R David and Pontiff, Jeffrey},
  journal={The Journal of Finance},
  volume={71},
  number={1},
  pages={5--32},
  year={2016},
  publisher={Wiley Online Library}
}

@book{molnar2020interpretable,
  title={Interpretable Machine Learning},
  author={Molnar, Christoph},
  year={2020},
  publisher={Lulu. com}
}

@article{olah2017feature,
  title={Feature visualization},
  author={Olah, Chris and Mordvintsev, Alexander and Schubert, Ludwig},
  journal={Distill},
  volume={2},
  number={11},
  pages={e7},
  year={2017}
}

@article{rubinstein1976valuation,
  title={The valuation of uncertain income streams and the pricing of options},
  author={Rubinstein, Mark},
  journal={The Bell Journal of Economics},
  pages={407--425},
  year={1976},
  publisher={JSTOR}
}

@article{roll1977critique,
  title={A critique of the asset pricing theory's tests Part I: On past and potential testability of the theory},
  author={Roll, Richard},
  journal={Journal of financial economics},
  volume={4},
  number={2},
  pages={129--176},
  year={1977},
  publisher={Elsevier}
}

@article{rudin2019stop,
  title={Stop explaining black box machine learning models for high stakes decisions and use interpretable models instead},
  author={Rudin, Cynthia},
  journal={Nature Machine Intelligence},
  volume={1},
  number={5},
  pages={206--215},
  year={2019},
  publisher={Nature Publishing Group}
}

@article{shapley1953value,
  title={A value for n-person games},
  author={Shapley, Lloyd S},
  journal={Contributions to the Theory of Games},
  volume={2},
  number={28},
  pages={307--317},
  year={1953}
}

@article{shapley1971assignment,
  title={The assignment game I: The core},
  author={Shapley, Lloyd S and Shubik, Martin},
  journal={International Journal of game theory},
  volume={1},
  number={1},
  pages={111--130},
  year={1971},
  publisher={Springer}
}

@article{shrikumar2017learning,
  title={Learning important features through propagating activation differences},
  author={Shrikumar, Avanti and Greenside, Peyton and Kundaje, Anshul},
  journal={arXiv preprint arXiv:1704.02685},
  year={2017}
}

@article{springenberg2014striving,
  title={Striving for simplicity: The all convolutional net},
  author={Springenberg, Jost Tobias and Dosovitskiy, Alexey and Brox, Thomas and Riedmiller, Martin},
  journal={arXiv preprint arXiv:1412.6806},
  year={2014}
}

@article{sundararajan2017axiomatic,
  title={Axiomatic attribution for deep networks},
  author={Sundararajan, Mukund and Taly, Ankur and Yan, Qiqi},
  journal={arXiv preprint arXiv:1703.01365},
  year={2017}
}

@article{tobek2020does,
  title={Does it pay to follow anomalies research? Machine learning approach with international evidence},
  author={Tobek, Ondrej and Hronec, Martin},
  journal={Journal of Financial Markets},
  pages={100588},
  year={2020},
  publisher={Elsevier}
}

@article{vstrumbelj2014explaining,
  title={Explaining prediction models and individual predictions with feature contributions},
  author={{\v{S}}trumbelj, Erik and Kononenko, Igor},
  journal={Knowledge and information systems},
  volume={41},
  number={3},
  pages={647--665},
  year={2014},
  publisher={Springer}
}


@comment{jabref-meta: selector_publisher:}

@comment{jabref-meta: selector_author:}

@comment{jabref-meta: selector_journal:}

@comment{jabref-meta: selector_keywords:}

